@book{langsci-current-book, author = {Michael Cysouw}, title = {{Encyclopaedia of German Diatheses}}, year = {2022}, series = {Open Germanic Linguistics}, number = {??}, location = {Berlin}, publisher = {Language Science Press}, options = {dataonly=true} } 
